@article{classroom,
url = {https://doi.org/10.1515/applirev-2013-0009},
title = {Classroom code-switching: three decades of research},
title = {},
author = {Angel Lin},
pages = {195--218},
volume = {4},
number = {1},
journal = {Applied Linguistics Review},
doi = {doi:10.1515/applirev-2013-0009},
year = {2013},
lastchecked = {2023-04-08}
}
